<collection xmlns="http://www.loc.gov/MARC21/slim">
<record>
  <leader>01888nam0a2200325 i 450 </leader>
  <controlfield tag="001">IT\ICCU\CNCE\001009</controlfield>
  <controlfield tag="005">20070418000000.0</controlfield>
  <datafield tag="012" ind1=" " ind2=" ">
    <subfield code="a">esso o.mo nota edme (3) 1503 (R)</subfield>
    <subfield code="2">fei</subfield>
  </datafield>
  <datafield tag="100" ind1=" " ind2=" ">
    <subfield code="a">19970101d1503        0itac0103    ba</subfield>
  </datafield>
  <datafield tag="101" ind1=" " ind2=" ">
    <subfield code="a">ITA</subfield>
  </datafield>
  <datafield tag="102" ind1=" " ind2=" ">
    <subfield code="a">IT</subfield>
  </datafield>
  <datafield tag="200" ind1="1" ind2=" ">
    <subfield code="a">Alexandro Magno imperatore libro de la sua natiuita, vita, e morte et de magnanimi facti che fece</subfield>
  </datafield>
  <datafield tag="210" ind1=" " ind2=" ">
    <subfield code="e">Stampata in Milano</subfield>
    <subfield code="g">per Petro Martiro Mantegaza</subfield>
    <subfield code="g">ad impensa per Io. Iacomo &amp; fratelli da Legnano</subfield>
    <subfield code="h">adi XV de luio 1503</subfield>
  </datafield>
  <datafield tag="215" ind1=" " ind2=" ">
    <subfield code="a">XXXVII \i.e. 38!, \2! c.</subfield>
    <subfield code="d">4ʻ</subfield>
  </datafield>
  <datafield tag="500" ind1="1" ind2="1">
    <subfield code="3">IT\ICCU\CNCE\001006</subfield>
    <subfield code="a">Alessandro Magno</subfield>
  </datafield>
  <datafield tag="620" ind1=" " ind2=" ">
    <subfield code="a">IT</subfield>
    <subfield code="d">Milano</subfield>
  </datafield>
  <datafield tag="712" ind1="0" ind2="0">
    <subfield code="a">Mantegazza, Pietro Martire</subfield>
    <subfield code="3">IT\ICCU\CNCT\000198</subfield>
    <subfield code="4">650</subfield>
  </datafield>
  <datafield tag="712" ind1="0" ind2="0">
    <subfield code="a">Da_Legnano, Giovanni Giacomo &amp; fratelli</subfield>
    <subfield code="3">IT\ICCU\CNCT\001554</subfield>
    <subfield code="4">650</subfield>
  </datafield>
  <datafield tag="791" ind1="0" ind2="2">
    <subfield code="a">Pietro Martire Cassano</subfield>
    <subfield code="3">IT\ICCU\CNCT\003509</subfield>
    <subfield code="z">Mantegazza, Pietro Martire</subfield>
  </datafield>
  <datafield tag="791" ind1="0" ind2="0">
    <subfield code="a">Cassano, Pietro Martire</subfield>
    <subfield code="3">IT\ICCU\CNCT\003510</subfield>
    <subfield code="z">Mantegazza, Pietro Martire</subfield>
  </datafield>
  <datafield tag="791" ind1="0" ind2="0">
    <subfield code="a">Mantegatiis, Petrus Martyr de</subfield>
    <subfield code="3">IT\ICCU\CNCT\005002</subfield>
    <subfield code="z">Mantegazza, Pietro Martire</subfield>
  </datafield>
  <datafield tag="791" ind1="0" ind2="0">
    <subfield code="a">Mantegaciis, Petrus Martir de</subfield>
    <subfield code="3">IT\ICCU\CNCT\005003</subfield>
    <subfield code="z">Mantegazza, Pietro Martire</subfield>
  </datafield>
  <datafield tag="791" ind1="0" ind2="0">
    <subfield code="a">Mantegatius, Petrus Martyr</subfield>
    <subfield code="3">IT\ICCU\CNCT\005004</subfield>
    <subfield code="z">Mantegazza, Pietro Martire</subfield>
  </datafield>
  <datafield tag="791" ind1="0" ind2="0">
    <subfield code="a">Mantegaza, Petro Martiro</subfield>
    <subfield code="3">IT\ICCU\CNCT\005005</subfield>
    <subfield code="z">Mantegazza, Pietro Martire</subfield>
  </datafield>
  <datafield tag="791" ind1="0" ind2="0">
    <subfield code="a">Mantegati, Petromartire di</subfield>
    <subfield code="3">IT\ICCU\CNCT\005006</subfield>
    <subfield code="z">Mantegazza, Pietro Martire</subfield>
  </datafield>
  <datafield tag="791" ind1="0" ind2="0">
    <subfield code="a">Mantegatio, Petro Martyre</subfield>
    <subfield code="3">IT\ICCU\CNCT\005007</subfield>
    <subfield code="z">Mantegazza, Pietro Martire</subfield>
  </datafield>
  <datafield tag="801" ind1=" " ind2="3">
    <subfield code="a">IT</subfield>
    <subfield code="b">ICCU</subfield>
    <subfield code="c">20201113</subfield>
  </datafield>
  <datafield tag="899" ind1=" " ind2=" ">
    <subfield code="a">Biblioteca nazionale Braidense. Milano</subfield>
    <subfield code="1">MI0185</subfield>
    <subfield code="2">MIL NB</subfield>
  </datafield>
  <datafield tag="911" ind1=" " ind2=" ">
    <subfield code="a">Nel colophon</subfield>
    <subfield code="9">IT\ICCU\CNCM\001022</subfield>
  </datafield>
  <datafield tag="921" ind1=" " ind2=" ">
    <subfield code="a">IT\ICCU\CNCM\001022</subfield>
    <subfield code="b">Angelo sostiene tra le braccia l&apos;ostia raggiante con al centro il monogramma di Cristo e intorno al cerchio: Io. Iacomo e frat. de Legnano. In basso: IOL</subfield>
    <subfield code="c">U100</subfield>
    <subfield code="d">Dimensioni: 4 x 5,5</subfield>
    <subfield code="f">ANGELO</subfield>
    <subfield code="f">IOL</subfield>
    <subfield code="f">IHS</subfield>
    <subfield code="g">1503</subfield>
  </datafield>
</record>
</collection>
